%YAML 1.1
%TAG !u! tag:unity3d.com,2011:
--- !u!1 &7299691243035525486
GameObject:
  m_ObjectHideFlags: 0
  m_CorrespondingSourceObject: {fileID: 0}
  m_PrefabInstance: {fileID: 0}
  m_PrefabAsset: {fileID: 0}
  serializedVersion: 6
  m_Component:
  - component: {fileID: 7299691243035525487}
  - component: {fileID: 7299691243035525488}
  m_Layer: 0
  m_Name: Level1
  m_TagString: Untagged
  m_Icon: {fileID: 0}
  m_NavMeshLayer: 0
  m_StaticEditorFlags: 0
  m_IsActive: 1
--- !u!4 &7299691243035525487
Transform:
  m_ObjectHideFlags: 0
  m_CorrespondingSourceObject: {fileID: 0}
  m_PrefabInstance: {fileID: 0}
  m_PrefabAsset: {fileID: 0}
  m_GameObject: {fileID: 7299691243035525486}
  m_LocalRotation: {x: 0, y: 0, z: 0, w: 1}
  m_LocalPosition: {x: 0, y: 0, z: 0}
  m_LocalScale: {x: 0.2, y: 0.2, z: 0.2}
  m_Children:
  - {fileID: 7299691244326985310}
  - {fileID: 7299691243195374255}
  - {fileID: 7299691243137649212}
  m_Father: {fileID: 0}
  m_RootOrder: 0
  m_LocalEulerAnglesHint: {x: 0, y: 0, z: 0}
--- !u!114 &7299691243035525488
MonoBehaviour:
  m_ObjectHideFlags: 0
  m_CorrespondingSourceObject: {fileID: 0}
  m_PrefabInstance: {fileID: 0}
  m_PrefabAsset: {fileID: 0}
  m_GameObject: {fileID: 7299691243035525486}
  m_Enabled: 1
  m_EditorHideFlags: 0
  m_Script: {fileID: 11500000, guid: fa161233a669fa744a960a0577fea1db, type: 3}
  m_Name: 
  m_EditorClassIdentifier: 
  CurWave: {fileID: 0}
--- !u!1 &7299691243137649211
GameObject:
  m_ObjectHideFlags: 0
  m_CorrespondingSourceObject: {fileID: 0}
  m_PrefabInstance: {fileID: 0}
  m_PrefabAsset: {fileID: 0}
  serializedVersion: 6
  m_Component:
  - component: {fileID: 7299691243137649212}
  - component: {fileID: 7299691243137649213}
  m_Layer: 0
  m_Name: Wave3
  m_TagString: Untagged
  m_Icon: {fileID: 0}
  m_NavMeshLayer: 0
  m_StaticEditorFlags: 0
  m_IsActive: 0
--- !u!4 &7299691243137649212
Transform:
  m_ObjectHideFlags: 0
  m_CorrespondingSourceObject: {fileID: 0}
  m_PrefabInstance: {fileID: 0}
  m_PrefabAsset: {fileID: 0}
  m_GameObject: {fileID: 7299691243137649211}
  m_LocalRotation: {x: -0, y: -0, z: -0, w: 1}
  m_LocalPosition: {x: 7, y: 0, z: 0}
  m_LocalScale: {x: 1, y: 1, z: 1}
  m_Children:
  - {fileID: 1706345047261430122}
  - {fileID: 483353286496687625}
  m_Father: {fileID: 7299691243035525487}
  m_RootOrder: 2
  m_LocalEulerAnglesHint: {x: 0, y: 0, z: 0}
--- !u!114 &7299691243137649213
MonoBehaviour:
  m_ObjectHideFlags: 0
  m_CorrespondingSourceObject: {fileID: 0}
  m_PrefabInstance: {fileID: 0}
  m_PrefabAsset: {fileID: 0}
  m_GameObject: {fileID: 7299691243137649211}
  m_Enabled: 1
  m_EditorHideFlags: 0
  m_Script: {fileID: 11500000, guid: b5828996773b45047b8e5043fb2f7cd5, type: 3}
  m_Name: 
  m_EditorClassIdentifier: 
  Monsters: []
--- !u!1 &7299691243195374254
GameObject:
  m_ObjectHideFlags: 0
  m_CorrespondingSourceObject: {fileID: 0}
  m_PrefabInstance: {fileID: 0}
  m_PrefabAsset: {fileID: 0}
  serializedVersion: 6
  m_Component:
  - component: {fileID: 7299691243195374255}
  - component: {fileID: 7299691243195374256}
  m_Layer: 0
  m_Name: Wave2
  m_TagString: Untagged
  m_Icon: {fileID: 0}
  m_NavMeshLayer: 0
  m_StaticEditorFlags: 0
  m_IsActive: 0
--- !u!4 &7299691243195374255
Transform:
  m_ObjectHideFlags: 0
  m_CorrespondingSourceObject: {fileID: 0}
  m_PrefabInstance: {fileID: 0}
  m_PrefabAsset: {fileID: 0}
  m_GameObject: {fileID: 7299691243195374254}
  m_LocalRotation: {x: -0, y: -0, z: -0, w: 1}
  m_LocalPosition: {x: -7, y: 0, z: 0}
  m_LocalScale: {x: 1, y: 1, z: 1}
  m_Children:
  - {fileID: 8330918621232436228}
  - {fileID: 8601133044141181053}
  m_Father: {fileID: 7299691243035525487}
  m_RootOrder: 1
  m_LocalEulerAnglesHint: {x: 0, y: 0, z: 0}
--- !u!114 &7299691243195374256
MonoBehaviour:
  m_ObjectHideFlags: 0
  m_CorrespondingSourceObject: {fileID: 0}
  m_PrefabInstance: {fileID: 0}
  m_PrefabAsset: {fileID: 0}
  m_GameObject: {fileID: 7299691243195374254}
  m_Enabled: 1
  m_EditorHideFlags: 0
  m_Script: {fileID: 11500000, guid: b5828996773b45047b8e5043fb2f7cd5, type: 3}
  m_Name: 
  m_EditorClassIdentifier: 
  Monsters: []
--- !u!1 &7299691244326985309
GameObject:
  m_ObjectHideFlags: 0
  m_CorrespondingSourceObject: {fileID: 0}
  m_PrefabInstance: {fileID: 0}
  m_PrefabAsset: {fileID: 0}
  serializedVersion: 6
  m_Component:
  - component: {fileID: 7299691244326985310}
  - component: {fileID: 7299691244326985311}
  m_Layer: 0
  m_Name: Wave1
  m_TagString: Untagged
  m_Icon: {fileID: 0}
  m_NavMeshLayer: 0
  m_StaticEditorFlags: 0
  m_IsActive: 0
--- !u!4 &7299691244326985310
Transform:
  m_ObjectHideFlags: 0
  m_CorrespondingSourceObject: {fileID: 0}
  m_PrefabInstance: {fileID: 0}
  m_PrefabAsset: {fileID: 0}
  m_GameObject: {fileID: 7299691244326985309}
  m_LocalRotation: {x: 0, y: 0, z: 0, w: 1}
  m_LocalPosition: {x: -7, y: 0, z: 0}
  m_LocalScale: {x: 1, y: 1, z: 1}
  m_Children:
  - {fileID: 863176270854304237}
  m_Father: {fileID: 7299691243035525487}
  m_RootOrder: 0
  m_LocalEulerAnglesHint: {x: 0, y: 0, z: 0}
--- !u!114 &7299691244326985311
MonoBehaviour:
  m_ObjectHideFlags: 0
  m_CorrespondingSourceObject: {fileID: 0}
  m_PrefabInstance: {fileID: 0}
  m_PrefabAsset: {fileID: 0}
  m_GameObject: {fileID: 7299691244326985309}
  m_Enabled: 1
  m_EditorHideFlags: 0
  m_Script: {fileID: 11500000, guid: b5828996773b45047b8e5043fb2f7cd5, type: 3}
  m_Name: 
  m_EditorClassIdentifier: 
  Monsters: []
--- !u!1001 &1867724131863289477
PrefabInstance:
  m_ObjectHideFlags: 0
  serializedVersion: 2
  m_Modification:
    m_TransformParent: {fileID: 7299691243195374255}
    m_Modifications:
    - target: {fileID: 7671357957826529927, guid: 050d500368550224a809dc9cc7da12de,
        type: 3}
      propertyPath: m_Name
      value: Monster
      objectReference: {fileID: 0}
    - target: {fileID: 7671357957826529921, guid: 050d500368550224a809dc9cc7da12de,
        type: 3}
      propertyPath: m_LocalPosition.x
      value: 0
      objectReference: {fileID: 0}
    - target: {fileID: 7671357957826529921, guid: 050d500368550224a809dc9cc7da12de,
        type: 3}
      propertyPath: m_LocalPosition.y
      value: 0
      objectReference: {fileID: 0}
    - target: {fileID: 7671357957826529921, guid: 050d500368550224a809dc9cc7da12de,
        type: 3}
      propertyPath: m_LocalPosition.z
      value: 1.5
      objectReference: {fileID: 0}
    - target: {fileID: 7671357957826529921, guid: 050d500368550224a809dc9cc7da12de,
        type: 3}
      propertyPath: m_LocalRotation.x
      value: 0
      objectReference: {fileID: 0}
    - target: {fileID: 7671357957826529921, guid: 050d500368550224a809dc9cc7da12de,
        type: 3}
      propertyPath: m_LocalRotation.y
      value: 0
      objectReference: {fileID: 0}
    - target: {fileID: 7671357957826529921, guid: 050d500368550224a809dc9cc7da12de,
        type: 3}
      propertyPath: m_LocalRotation.z
      value: 0
      objectReference: {fileID: 0}
    - target: {fileID: 7671357957826529921, guid: 050d500368550224a809dc9cc7da12de,
        type: 3}
      propertyPath: m_LocalRotation.w
      value: 1
      objectReference: {fileID: 0}
    - target: {fileID: 7671357957826529921, guid: 050d500368550224a809dc9cc7da12de,
        type: 3}
      propertyPath: m_RootOrder
      value: 0
      objectReference: {fileID: 0}
    - target: {fileID: 7671357957826529921, guid: 050d500368550224a809dc9cc7da12de,
        type: 3}
      propertyPath: m_LocalEulerAnglesHint.x
      value: 0
      objectReference: {fileID: 0}
    - target: {fileID: 7671357957826529921, guid: 050d500368550224a809dc9cc7da12de,
        type: 3}
      propertyPath: m_LocalEulerAnglesHint.y
      value: 0
      objectReference: {fileID: 0}
    - target: {fileID: 7671357957826529921, guid: 050d500368550224a809dc9cc7da12de,
        type: 3}
      propertyPath: m_LocalEulerAnglesHint.z
      value: 0
      objectReference: {fileID: 0}
    m_RemovedComponents: []
  m_SourcePrefab: {fileID: 100100000, guid: 050d500368550224a809dc9cc7da12de, type: 3}
--- !u!4 &8330918621232436228 stripped
Transform:
  m_CorrespondingSourceObject: {fileID: 7671357957826529921, guid: 050d500368550224a809dc9cc7da12de,
    type: 3}
  m_PrefabInstance: {fileID: 1867724131863289477}
  m_PrefabAsset: {fileID: 0}
--- !u!1001 &2101913863878673148
PrefabInstance:
  m_ObjectHideFlags: 0
  serializedVersion: 2
  m_Modification:
    m_TransformParent: {fileID: 7299691243195374255}
    m_Modifications:
    - target: {fileID: 7671357957826529927, guid: 050d500368550224a809dc9cc7da12de,
        type: 3}
      propertyPath: m_Name
      value: Monster
      objectReference: {fileID: 0}
    - target: {fileID: 7671357957826529921, guid: 050d500368550224a809dc9cc7da12de,
        type: 3}
      propertyPath: m_LocalPosition.x
      value: 0
      objectReference: {fileID: 0}
    - target: {fileID: 7671357957826529921, guid: 050d500368550224a809dc9cc7da12de,
        type: 3}
      propertyPath: m_LocalPosition.y
      value: 0
      objectReference: {fileID: 0}
    - target: {fileID: 7671357957826529921, guid: 050d500368550224a809dc9cc7da12de,
        type: 3}
      propertyPath: m_LocalPosition.z
      value: -1.5
      objectReference: {fileID: 0}
    - target: {fileID: 7671357957826529921, guid: 050d500368550224a809dc9cc7da12de,
        type: 3}
      propertyPath: m_LocalRotation.x
      value: -0
      objectReference: {fileID: 0}
    - target: {fileID: 7671357957826529921, guid: 050d500368550224a809dc9cc7da12de,
        type: 3}
      propertyPath: m_LocalRotation.y
      value: -0
      objectReference: {fileID: 0}
    - target: {fileID: 7671357957826529921, guid: 050d500368550224a809dc9cc7da12de,
        type: 3}
      propertyPath: m_LocalRotation.z
      value: -0
      objectReference: {fileID: 0}
    - target: {fileID: 7671357957826529921, guid: 050d500368550224a809dc9cc7da12de,
        type: 3}
      propertyPath: m_LocalRotation.w
      value: 1
      objectReference: {fileID: 0}
    - target: {fileID: 7671357957826529921, guid: 050d500368550224a809dc9cc7da12de,
        type: 3}
      propertyPath: m_RootOrder
      value: 1
      objectReference: {fileID: 0}
    - target: {fileID: 7671357957826529921, guid: 050d500368550224a809dc9cc7da12de,
        type: 3}
      propertyPath: m_LocalEulerAnglesHint.x
      value: 0
      objectReference: {fileID: 0}
    - target: {fileID: 7671357957826529921, guid: 050d500368550224a809dc9cc7da12de,
        type: 3}
      propertyPath: m_LocalEulerAnglesHint.y
      value: 0
      objectReference: {fileID: 0}
    - target: {fileID: 7671357957826529921, guid: 050d500368550224a809dc9cc7da12de,
        type: 3}
      propertyPath: m_LocalEulerAnglesHint.z
      value: 0
      objectReference: {fileID: 0}
    - target: {fileID: 7671357957826529921, guid: 050d500368550224a809dc9cc7da12de,
        type: 3}
      propertyPath: m_LocalScale.x
      value: 0.99999994
      objectReference: {fileID: 0}
    - target: {fileID: 7671357957826529921, guid: 050d500368550224a809dc9cc7da12de,
        type: 3}
      propertyPath: m_LocalScale.y
      value: 0.99999994
      objectReference: {fileID: 0}
    - target: {fileID: 7671357957826529921, guid: 050d500368550224a809dc9cc7da12de,
        type: 3}
      propertyPath: m_LocalScale.z
      value: 0.99999994
      objectReference: {fileID: 0}
    m_RemovedComponents: []
  m_SourcePrefab: {fileID: 100100000, guid: 050d500368550224a809dc9cc7da12de, type: 3}
--- !u!4 &8601133044141181053 stripped
Transform:
  m_CorrespondingSourceObject: {fileID: 7671357957826529921, guid: 050d500368550224a809dc9cc7da12de,
    type: 3}
  m_PrefabInstance: {fileID: 2101913863878673148}
  m_PrefabAsset: {fileID: 0}
--- !u!1001 &7029201294406253420
PrefabInstance:
  m_ObjectHideFlags: 0
  serializedVersion: 2
  m_Modification:
    m_TransformParent: {fileID: 7299691244326985310}
    m_Modifications:
    - target: {fileID: 7671357957826529927, guid: 050d500368550224a809dc9cc7da12de,
        type: 3}
      propertyPath: m_Name
      value: Monster
      objectReference: {fileID: 0}
    - target: {fileID: 7671357957826529927, guid: 050d500368550224a809dc9cc7da12de,
        type: 3}
      propertyPath: m_IsActive
      value: 0
      objectReference: {fileID: 0}
    - target: {fileID: 7671357957826529921, guid: 050d500368550224a809dc9cc7da12de,
        type: 3}
      propertyPath: m_LocalPosition.x
      value: -1.636
      objectReference: {fileID: 0}
    - target: {fileID: 7671357957826529921, guid: 050d500368550224a809dc9cc7da12de,
        type: 3}
      propertyPath: m_LocalPosition.y
      value: 0.01
      objectReference: {fileID: 0}
    - target: {fileID: 7671357957826529921, guid: 050d500368550224a809dc9cc7da12de,
        type: 3}
      propertyPath: m_LocalPosition.z
      value: 0
      objectReference: {fileID: 0}
    - target: {fileID: 7671357957826529921, guid: 050d500368550224a809dc9cc7da12de,
        type: 3}
      propertyPath: m_LocalRotation.x
      value: 0
      objectReference: {fileID: 0}
    - target: {fileID: 7671357957826529921, guid: 050d500368550224a809dc9cc7da12de,
        type: 3}
      propertyPath: m_LocalRotation.y
      value: 0
      objectReference: {fileID: 0}
    - target: {fileID: 7671357957826529921, guid: 050d500368550224a809dc9cc7da12de,
        type: 3}
      propertyPath: m_LocalRotation.z
      value: 0
      objectReference: {fileID: 0}
    - target: {fileID: 7671357957826529921, guid: 050d500368550224a809dc9cc7da12de,
        type: 3}
      propertyPath: m_LocalRotation.w
      value: 1
      objectReference: {fileID: 0}
    - target: {fileID: 7671357957826529921, guid: 050d500368550224a809dc9cc7da12de,
        type: 3}
      propertyPath: m_RootOrder
      value: 0
      objectReference: {fileID: 0}
    - target: {fileID: 7671357957826529921, guid: 050d500368550224a809dc9cc7da12de,
        type: 3}
      propertyPath: m_LocalEulerAnglesHint.x
      value: 0
      objectReference: {fileID: 0}
    - target: {fileID: 7671357957826529921, guid: 050d500368550224a809dc9cc7da12de,
        type: 3}
      propertyPath: m_LocalEulerAnglesHint.y
      value: 0
      objectReference: {fileID: 0}
    - target: {fileID: 7671357957826529921, guid: 050d500368550224a809dc9cc7da12de,
        type: 3}
      propertyPath: m_LocalEulerAnglesHint.z
      value: 0
      objectReference: {fileID: 0}
    m_RemovedComponents: []
  m_SourcePrefab: {fileID: 100100000, guid: 050d500368550224a809dc9cc7da12de, type: 3}
--- !u!4 &863176270854304237 stripped
Transform:
  m_CorrespondingSourceObject: {fileID: 7671357957826529921, guid: 050d500368550224a809dc9cc7da12de,
    type: 3}
  m_PrefabInstance: {fileID: 7029201294406253420}
  m_PrefabAsset: {fileID: 0}
--- !u!1001 &7837129954888965256
PrefabInstance:
  m_ObjectHideFlags: 0
  serializedVersion: 2
  m_Modification:
    m_TransformParent: {fileID: 7299691243137649212}
    m_Modifications:
    - target: {fileID: 7671357957826529927, guid: 050d500368550224a809dc9cc7da12de,
        type: 3}
      propertyPath: m_Name
      value: Monster
      objectReference: {fileID: 0}
    - target: {fileID: 7671357957826529921, guid: 050d500368550224a809dc9cc7da12de,
        type: 3}
      propertyPath: m_LocalPosition.x
      value: 0
      objectReference: {fileID: 0}
    - target: {fileID: 7671357957826529921, guid: 050d500368550224a809dc9cc7da12de,
        type: 3}
      propertyPath: m_LocalPosition.y
      value: 0
      objectReference: {fileID: 0}
    - target: {fileID: 7671357957826529921, guid: 050d500368550224a809dc9cc7da12de,
        type: 3}
      propertyPath: m_LocalPosition.z
      value: -1.5
      objectReference: {fileID: 0}
    - target: {fileID: 7671357957826529921, guid: 050d500368550224a809dc9cc7da12de,
        type: 3}
      propertyPath: m_LocalRotation.x
      value: 0
      objectReference: {fileID: 0}
    - target: {fileID: 7671357957826529921, guid: 050d500368550224a809dc9cc7da12de,
        type: 3}
      propertyPath: m_LocalRotation.y
      value: 0
      objectReference: {fileID: 0}
    - target: {fileID: 7671357957826529921, guid: 050d500368550224a809dc9cc7da12de,
        type: 3}
      propertyPath: m_LocalRotation.z
      value: 0
      objectReference: {fileID: 0}
    - target: {fileID: 7671357957826529921, guid: 050d500368550224a809dc9cc7da12de,
        type: 3}
      propertyPath: m_LocalRotation.w
      value: 1
      objectReference: {fileID: 0}
    - target: {fileID: 7671357957826529921, guid: 050d500368550224a809dc9cc7da12de,
        type: 3}
      propertyPath: m_RootOrder
      value: 1
      objectReference: {fileID: 0}
    - target: {fileID: 7671357957826529921, guid: 050d500368550224a809dc9cc7da12de,
        type: 3}
      propertyPath: m_LocalEulerAnglesHint.x
      value: 0
      objectReference: {fileID: 0}
    - target: {fileID: 7671357957826529921, guid: 050d500368550224a809dc9cc7da12de,
        type: 3}
      propertyPath: m_LocalEulerAnglesHint.y
      value: 0
      objectReference: {fileID: 0}
    - target: {fileID: 7671357957826529921, guid: 050d500368550224a809dc9cc7da12de,
        type: 3}
      propertyPath: m_LocalEulerAnglesHint.z
      value: 0
      objectReference: {fileID: 0}
    m_RemovedComponents: []
  m_SourcePrefab: {fileID: 100100000, guid: 050d500368550224a809dc9cc7da12de, type: 3}
--- !u!4 &483353286496687625 stripped
Transform:
  m_CorrespondingSourceObject: {fileID: 7671357957826529921, guid: 050d500368550224a809dc9cc7da12de,
    type: 3}
  m_PrefabInstance: {fileID: 7837129954888965256}
  m_PrefabAsset: {fileID: 0}
--- !u!1001 &9068002989232229355
PrefabInstance:
  m_ObjectHideFlags: 0
  serializedVersion: 2
  m_Modification:
    m_TransformParent: {fileID: 7299691243137649212}
    m_Modifications:
    - target: {fileID: 7671357957826529927, guid: 050d500368550224a809dc9cc7da12de,
        type: 3}
      propertyPath: m_Name
      value: Monster
      objectReference: {fileID: 0}
    - target: {fileID: 7671357957826529921, guid: 050d500368550224a809dc9cc7da12de,
        type: 3}
      propertyPath: m_LocalPosition.x
      value: 0
      objectReference: {fileID: 0}
    - target: {fileID: 7671357957826529921, guid: 050d500368550224a809dc9cc7da12de,
        type: 3}
      propertyPath: m_LocalPosition.y
      value: 0
      objectReference: {fileID: 0}
    - target: {fileID: 7671357957826529921, guid: 050d500368550224a809dc9cc7da12de,
        type: 3}
      propertyPath: m_LocalPosition.z
      value: 1.5
      objectReference: {fileID: 0}
    - target: {fileID: 7671357957826529921, guid: 050d500368550224a809dc9cc7da12de,
        type: 3}
      propertyPath: m_LocalRotation.x
      value: -0
      objectReference: {fileID: 0}
    - target: {fileID: 7671357957826529921, guid: 050d500368550224a809dc9cc7da12de,
        type: 3}
      propertyPath: m_LocalRotation.y
      value: -0
      objectReference: {fileID: 0}
    - target: {fileID: 7671357957826529921, guid: 050d500368550224a809dc9cc7da12de,
        type: 3}
      propertyPath: m_LocalRotation.z
      value: -0
      objectReference: {fileID: 0}
    - target: {fileID: 7671357957826529921, guid: 050d500368550224a809dc9cc7da12de,
        type: 3}
      propertyPath: m_LocalRotation.w
      value: 1
      objectReference: {fileID: 0}
    - target: {fileID: 7671357957826529921, guid: 050d500368550224a809dc9cc7da12de,
        type: 3}
      propertyPath: m_RootOrder
      value: 0
      objectReference: {fileID: 0}
    - target: {fileID: 7671357957826529921, guid: 050d500368550224a809dc9cc7da12de,
        type: 3}
      propertyPath: m_LocalEulerAnglesHint.x
      value: 0
      objectReference: {fileID: 0}
    - target: {fileID: 7671357957826529921, guid: 050d500368550224a809dc9cc7da12de,
        type: 3}
      propertyPath: m_LocalEulerAnglesHint.y
      value: 0
      objectReference: {fileID: 0}
    - target: {fileID: 7671357957826529921, guid: 050d500368550224a809dc9cc7da12de,
        type: 3}
      propertyPath: m_LocalEulerAnglesHint.z
      value: 0
      objectReference: {fileID: 0}
    m_RemovedComponents: []
  m_SourcePrefab: {fileID: 100100000, guid: 050d500368550224a809dc9cc7da12de, type: 3}
--- !u!4 &1706345047261430122 stripped
Transform:
  m_CorrespondingSourceObject: {fileID: 7671357957826529921, guid: 050d500368550224a809dc9cc7da12de,
    type: 3}
  m_PrefabInstance: {fileID: 9068002989232229355}
  m_PrefabAsset: {fileID: 0}
